% Encoding: UTF-8
@inproceedings{tukey1975mathematics,
  title={Mathematics and the picturing of data},
  author={Tukey, John W},
  booktitle={Proceedings of the International Congress of Mathematicians, Vancouver, 1975},
  volume={2},
  pages={523--531},
  year={1975}
}

@article{miller2003efficient,
  title={Efficient computation of location depth contours by methods of computational geometry},
  author={Miller, Kim and Ramaswami, Suneeta and Rousseeuw, Peter and Sellares, J Antoni and Souvaine, Diane and Streinu, Ileana and Struyf, Anja},
  journal={Statistics and Computing},
  volume={13},
  number={2},
  pages={153--162},
  year={2003},
  publisher={Springer}
}

@article{liu1990notion,
  title={On a notion of data depth based on random simplices},
  author={Liu, Regina Y},
  journal={The Annals of Statistics},
  pages={405--414},
  year={1990},
  publisher={JSTOR}
}

@article{zuo2000general,
  title={General notions of statistical depth function},
  author={Zuo, Yijun and Serfling, Robert},
  journal={Annals of statistics},
  pages={461--482},
  year={2000},
  publisher={JSTOR}
}

@book{villani2021topics,
  title={Topics in optimal transportation},
  author={Villani, C{\'e}dric},
  volume={58},
  year={2021},
  publisher={American Mathematical Soc.}
}

@article{mccann1995existence,
  title={Existence and uniqueness of monotone measure-preserving maps},
  author={McCann, Robert J},
  journal={Duke Mathematical Journal},
  volume={80},
  number={2},
  pages={309--323},
  year={1995},
  publisher={Duke University Press}
}

@article{brenier1991polar,
  title={Polar factorization and monotone rearrangement of vector-valued functions},
  author={Brenier, Yann},
  journal={Communications on pure and applied mathematics},
  volume={44},
  number={4},
  pages={375--417},
  year={1991},
  publisher={Wiley Online Library}
}

@article{evans1997partial,
  title={Partial differential equations and Monge-Kantorovich mass transfer},
  author={Evans, Lawrence C},
  journal={Current developments in mathematics},
  volume={1997},
  number={1},
  pages={65--126},
  year={1997},
  publisher={International Press of Boston}
}

@article{chernozhukov2017monge,
  title={Monge--Kantorovich depth, quantiles, ranks and signs},
  author={Chernozhukov, Victor and Galichon, Alfred and Hallin, Marc and Henry, Marc},
  journal={The Annals of Statistics},
  volume={45},
  number={1},
  pages={223--256},
  year={2017},
  publisher={Institute of Mathematical Statistics}
}

@Comment{jabref-meta: databaseType:bibtex;}
